<?xml version="1.0"?>
<collection xmlns="http://www.loc.gov/MARC21/slim">
  <record>
    <leader>01301nam a2200337 a 4500</leader>
    <controlfield tag="001">cihm_29207</controlfield>
    <controlfield tag="003">CaSfIA</controlfield>
    <controlfield tag="005">20160212080618.0</controlfield>
    <controlfield tag="007">cr||||||||||||</controlfield>
    <controlfield tag="008">831208s1790    quc     b     000 0 eng d</controlfield>
    <datafield tag="020" ind1=" " ind2=" ">
      <subfield code="a">0665292074</subfield>
    </datafield>
    <datafield tag="035" ind1=" " ind2=" ">
      <subfield code="a">ocn317762237</subfield>
    </datafield>
    <datafield tag="040" ind1=" " ind2=" ">
      <subfield code="a">CaOOCIHM</subfield>
      <subfield code="b">eng</subfield>
      <subfield code="d">AEU</subfield>
      <subfield code="d">CaSfIA</subfield>
    </datafield>
    <datafield tag="043" ind1=" " ind2=" ">
      <subfield code="a">n-cn-qu</subfield>
    </datafield>
    <datafield tag="082" ind1="0" ind2=" ">
      <subfield code="a">051.09714</subfield>
      <subfield code="2">19</subfield>
    </datafield>
    <datafield tag="090" ind1=" " ind2=" ">
      <subfield code="a">FC 02 0203 no. 29207</subfield>
      <subfield code="b">AEU</subfield>
    </datafield>
    <datafield tag="245" ind1="0" ind2="4">
      <subfield code="a">The Quebec almanack for the year 1791</subfield>
      <subfield code="h">[electronic resource] </subfield>
    </datafield>
    <datafield tag="260" ind1=" " ind2=" ">
      <subfield code="a">Quebec :</subfield>
      <subfield code="b">Printed by Samuel Nielson,</subfield>
      <subfield code="c">[1790?]</subfield>
    </datafield>
    <datafield tag="300" ind1=" " ind2=" ">
      <subfield code="a">2 microfiches (53 fr.).</subfield>
    </datafield>
    <datafield tag="490" ind1="1" ind2=" ">
      <subfield code="a">CIHM/ICMH Microfiche series = CIHM/ICMH collection de microfiches ;</subfield>
      <subfield code="v">no. 29207</subfield>
    </datafield>
    <datafield tag="500" ind1=" " ind2=" ">
      <subfield code="a">Added t.p.: Almanach de Qu&#xC3;&#xA9;bec pour l'ann&#xC3;&#xA9;e 1</subfield>
    </datafield>
    <!-- No separator at end of field length=56 -->
    <datafield tag="500" ind1="9" ind2="1">
  </datafield>
    <!-- Separator but not at end of field length=12 -->
    <datafield tag="500" ind1="e" ind2="s">
  </datafield>
    <!-- Separator but not at end of field length=55 -->
    <datafield tag="533" ind1="." ind2="p">
  </datafield>
    <!-- Separator but not at end of field length=177 -->
    <datafield tag="534" ind1="8" ind2="2">
  </datafield>
    <!-- Separator but not at end of field length=19 -->
    <datafield tag="596" ind1="c" ind2="m">
  </datafield>
    <!-- Separator but not at end of field length=7 -->
    <datafield tag="650" ind1="a" ind2="4">
  </datafield>
    <!-- Separator but not at end of field length=43 -->
    <datafield tag="650" ind1="e" ind2=")">
  </datafield>
    <!-- Separator but not at end of field length=45 -->
    <datafield tag="830" ind1="n" ind2="c">
      <subfield code=")">.</subfield>
    </datafield>
    <!-- Separator but not at end of field length=45 -->
    <datafield tag="856" ind1="4" ind2="1">
      <subfield code="u">http://archive.org/details/cihm_29207</subfield>
      <subfield code="z">Free eBook from the Internet Archive</subfield>
    </datafield>
    <!-- Separator but not at end of field length=22 -->
    <datafield tag="016" ind1="M" ind2="M">
      <subfield code="R">E</subfield>
    </datafield>
    <!-- Separator but not at end of field length=15 -->
    <!-- Separator but not at end of field length=58 -->
  </record>
</collection>
